
@article{brock1978,
	title = {The {Economics} of {Special} {Interest} {Politics}: {The} {Case} of the {Tariff}},
	volume = {68},
	number = {2},
	journal = {The American Economic Review},
	author = {Brock, William A. and Magee, Stephen P.},
	year = {1978},
	pages = {246--250}
}

@article{jones1975,
	title = {Income {Distribution} and {Effective} {Protection} in a {Multicommodity} {Trade} {Model}.},
	volume = {11},
	number = {1},
	journal = {Journal of Economic Theory},
	author = {Jones, Ronald W.},
	year = {1975},
	pages = {1--15}
}

@article{tovar2012,
	title = {Preferential {Trade} {Agreements} and {Unilateral} {Liberalization}: {Evidence} from {CAFTA}},
	volume = {11},
	journal = {World Trade Review},
	author = {Tovar, Patricia},
	year = {2012},
	pages = {591--619}
}

@misc{wtocountry,
	title = {Country {Profile} - {Dominican} {Republic}},
	shorttitle = {D.{R}. {Country} {Profile}},
	howpublished = {\href{http://stat.wto.org/CountryProfile/WSDBCountryPFView.aspx?Language=E&Country=DO}{www.stat.wto.org}},
	author = {{World Trade Organization}}
}


@article{kovak,
	title = {Regional {Effects} of {Trade} {Reform}: {What} is the {Correct} {Measure} of {Liberalization}?},
	volume = {103},
	number = {5},
	journal = {The American Economic Review},
	author = {Kovak, Brian},
	year = {2013},
	pages = {1960--1976}
}

@misc{one,
	title = {Website.},
	howpublished = {\href{http://one.gob.do/}{www.one.gob.do}},
	author = {{Oficina Nacional de Estad\'{i}stica, Rep\'{u}blica Dominicana}}
}

@misc{ustraderep,
	title = {Dominican {Republic}-{Central} {American} {Free} {Trade} {Agreement}, {Final} {Text}},
	howpublished = {\href{https://ustr.gov/trade-agreements/free-trade-agreements/cafta-dr-dominican-republic-central-america-fta/final-text}{www.ustr.gov}},
	author = {{Office of the United States Trade Representative, Executive Office of the President}}
}

@misc{wtotariff,
	title = {{Tariff Analysis Online Facility - Database}},
	shorttitle = {Tariff {Analysis} {Database}},
	howpublished = {\href{http://tariffdata.wto.org/Default.aspx?culture=en-US}{www.tariffdata.wto.org}},
	author = {{World Trade Organization}}
}
